@Misc{hackerOne, 
        title = {HackerOne Website},
        note = "\urlBiBTeX{http://www.hackerone.com}. Last accessed February 29, 2016."
}

@article{maillart2011quantification,
  title={Quantification of deviations from rationality with heavy tails in human dynamics},
  author={Maillart, Thomas and Sornette, Didier and Frei, Stefan and Duebendorfer, Thomas and Saichev, Alexander},
  journal={Physical Review E},
  volume={83},
  number={5},
  pages={056101},
  year={2011},
  publisher={APS}
}

%%% Economics %%%

@article{dasgupta1980uncertainty,
  title={Uncertainty, industrial structure, and the speed of R\&D},
  author={Dasgupta, Partha and Stiglitz, Joseph},
  journal={The Bell Journal of Economics},
  pages={1--28},
  year={1980},
  publisher={JSTOR}
}


%%% Markets & Auction Mechanisms



%%% Economics of Information Security

@inproceedings{anderson2001information,
  title={Why information security is hard-an economic perspective},
  author={Anderson, Ross},
  booktitle={Computer security applications conference, 2001. acsac 2001. proceedings 17th annual},
  pages={358--365},
  year={2001},
  organization={IEEE}
}




%@article{daughety1995product,
%  title={Product safety: liability, R\&D, and signaling},
%  author={Daughety, Andrew F and Reinganum, Jennifer F},
%  journal={The American Economic Review},
%  pages={1187--1206},
%  year={1995},
%  publisher={JSTOR}
%}

%%% Security Investments

@article{wang2008research,
  title={Research Note-A Value-at-Risk Approach to Information Security Investment},
  author={Wang, Jingguo and Chaudhury, Aby and Rao, H Raghav},
  journal={Information Systems Research},
  volume={19},
  number={1},
  pages={106--120},
  year={2008},
  publisher={INFORMS}
}

%%% Vuln Disclosure %%%

@article{arora2010empirical,
  title={An empirical analysis of software vendors' patch release behavior: impact of vulnerability disclosure},
  author={Arora, Ashish and Krishnan, Ramayya and Telang, Rahul and Yang, Yubao},
  journal={Information Systems Research},
  volume={21},
  number={1},
  pages={115--132},
  year={2010},
  publisher={INFORMS}
}

@incollection{bohme2006comparison,
  title={A comparison of market approaches to software vulnerability disclosure},
  author={B{\"o}hme, Rainer},
  booktitle={Emerging trends in information and communication security},
  pages={298--311},
  year={2006},
  publisher={Springer}
}

@article{rescorla2005finding,
  title={Is finding security holes a good idea?},
  author={Rescorla, Eric},
  journal={Security \& Privacy, IEEE},
  volume={3},
  number={1},
  pages={14--19},
  year={2005},
  publisher={IEEE}
}

%%% Bounty Hunting in the West %%%

@article{traub1988rewards,
  title={Rewards, bounty hunting, and criminal justice in the west: 1865-1900},
  author={Traub, Stuart H},
  journal={The western historical quarterly},
  volume={19},
  number={3},
  pages={287--301},
  year={1988},
  publisher={JSTOR}
}


%%% Vuln Markets %%%

@inproceedings{finifter2013empirical,
  title={An Empirical Study of Vulnerability Rewards Programs.},
  author={Finifter, Matthew and Akhawe, Devdatta and Wagner, David},
  booktitle={USENIX Security},
  volume={13},
  year={2013}
}


@incollection{camp2004pricing,
  title={Pricing security},
  author={Camp, L Jean and Wolfram, Catherine},
  booktitle={Economics of information security},
  pages={17--34},
  year={2004},
  publisher={Springer}
}


@article{li2007examination,
  title={An examination of private intermediaries’ roles in software vulnerabilities disclosure},
  author={Li, Pu and Rao, H Raghav},
  journal={Information Systems Frontiers},
  volume={9},
  number={5},
  pages={531--539},
  year={2007},
  publisher={Springer}
}


@inproceedings{zhao2014exploratory,
  title={An exploratory study of white hat behaviors in a web vulnerability disclosure program},
  author={Zhao, Mingyi and Grossklags, Jens and Chen, Kai},
  booktitle={Proceedings of the 2014 ACM Workshop on Security Information Workers},
  pages={51--58},
  year={2014},
  organization={ACM}
}

@incollection{bohme2006comparison,
  title={A comparison of market approaches to software vulnerability disclosure},
  author={B{\"o}hme, Rainer},
  booktitle={Emerging trends in information and communication security},
  pages={298--311},
  year={2006},
  publisher={Springer}
}

@inproceedings{zhao2015empirical,
  title={An empirical study of web vulnerability discovery ecosystems},
  author={Zhao, Mingyi and Grossklags, Jens and Liu, Peng},
  booktitle={Proceedings of the 22nd ACM SIGSAC Conference on Computer and Communications Security},
  pages={1105--1117},
  year={2015},
  organization={ACM}
}



@inproceedings{ozment2004bug,
  title={Bug auctions: Vulnerability markets reconsidered},
  author={Ozment, Andy},
  booktitle={Third Workshop on the Economics of Information Security},
  pages={19--26},
  year={2004}
}

@article{kannan2005market,
  title={Market for software vulnerabilities? Think again},
  author={Kannan, Karthik and Telang, Rahul},
  journal={Management Science},
  volume={51},
  number={5},
  pages={726--740},
  year={2005},
  publisher={INFORMS}
}

@article{algarni2014software,
  title={Software vulnerability markets: Discoverers and buyers},
  author={Algarni, A and Malaiya, Y},
  journal={International Journal of Computer, Information Science and Engineering},
  volume={8},
  number={3},
  pages={71--81},
  year={2014}
}


@article{dey2012hacker,
  title={Hacker behavior, network effects, and the security software market},
  author={Dey, Debabrata and Lahiri, Atanu and Zhang, Guoying},
  journal={Journal of Management Information Systems},
  volume={29},
  number={2},
  pages={77--108},
  year={2012},
  publisher={Taylor \& Francis}
}

@article{ransbotham2008markets,
  title={Are markets for vulnerabilities effective?},
  author={Ransbotham, Sam and Mitra, Sabyasachi and Ramsey, Jon},
  journal={ICIS 2008 Proceedings},
  pages={24},
  year={2008}
}

@incollection{schechter2002buy,
  title={How to Buy Better Testing Using Competition to Get the Most Security and Robustness for Your Dollar},
  author={Schechter, Stuart},
  booktitle={Infrastructure Security},
  pages={73--87},
  year={2002},
  publisher={Springer}
}

@article{mckinney2007vulnerability,
  title={Vulnerability bazaar},
  author={McKinney, David},
  journal={Security \& Privacy, IEEE},
  volume={5},
  number={6},
  pages={69--73},
  year={2007},
  publisher={IEEE}
}

@inproceedings{bacon2009market,
  title={A market-based approach to software evolution},
  author={Bacon, David F and Chen, Yiling and Parkes, David and Rao, Malvika},
  booktitle={Proceedings of the 24th ACM SIGPLAN conference companion on Object oriented programming systems languages and applications},
  pages={973--980},
  year={2009},
  organization={ACM}
}

@inproceedings{egelman2013markets,
  title={Markets for zero-day exploits: Ethics and implications},
  author={Egelman, Serge and Herley, Cormac and Van Oorschot, Paul C},
  booktitle={Proceedings of the 2013 workshop on New security paradigms workshop},
  pages={41--46},
  year={2013},
  organization={ACM}
}


%% White hats community

@article{hafiz2015game,
  title={Game of detections: how are security vulnerabilities discovered in the wild?},
  author={Hafiz, Munawar and Fang, Ming},
  journal={Empirical Software Engineering},
  pages={1--40},
  year={2015},
  publisher={Springer}
}


%% Software Reliability

@book{brady1999murphy,
  title={Murphy's law, the fitness of evolving species, and the limits of software reliability},
  author={Brady, Robert M and Anderson, Ross and Ball, Robin C},
  number={471},
  year={1999},
  publisher={University of Cambridge, Computer Laboratory}
}

@article{bishop1996conservative,
  title={A conservative theory for long-term reliability-growth prediction [of software]},
  author={Bishop, Peter and Bloomfield, Robin},
  journal={Reliability, IEEE Transactions on},
  volume={45},
  number={4},
  pages={550--560},
  year={1996},
  publisher={IEEE}
}

@inproceedings{schechter2002quantitatively,
  title={Quantitatively differentiating system security},
  author={Schechter, Stuart E},
  booktitle={The First Workshop on Economics and Information Security},
  pages={16--17},
  year={2002},
  organization={Citeseer}
}


@inproceedings{cappos2014vulnerabilities,
  title={Vulnerabilities as Blind Spots in Developer's Heuristic-Based Decision-Making Processes},
  author={Cappos, Justin and Zhuang, Yanyan and Oliveira, Daniela and Rosenthal, Marissa and Yeh, Kuo-Chuan},
  booktitle={Proceedings of the 2014 workshop on New Security Paradigms Workshop},
  pages={53--62},
  year={2014},
  organization={ACM}
}



%%% Dark Web & Vulnerability Trading

%%% Penetration Testing & Ethical Hacking

@article{bishop2007penetration,
  title={About penetration testing},
  author={Bishop, Matt},
  journal={Security \& Privacy, IEEE},
  volume={5},
  number={6},
  pages={84--87},
  year={2007},
  publisher={IEEE}
}

@inproceedings{saleem2006ethical,
  title={Ethical hacking as a risk management technique},
  author={Saleem, Syed A},
  booktitle={Proceedings of the 3rd annual conference on Information security curriculum development},
  pages={201--203},
  year={2006},
  organization={ACM}
}

@inproceedings{smith2002ethical,
  title={Ethical hacking: the security justification redux},
  author={Smith, Bryan and Yurcik, William and Doss, David},
  booktitle={Technology and Society, 2002.(ISTAS'02). 2002 International Symposium on},
  pages={374--379},
  year={2002},
  organization={IEEE}
}

%% Market / Auctions 

@article{bulow1996auctions,
  title={Auctions Versus Negotiations},
  author={Bulow, Jeremy and Klemperer, Paul},
  journal={The American Economic Review},
  volume={86},
  number={1},
  pages={180--194},
  year={1996}
}



%%% Crowd Sourcing 

@article{latoza2016crowdsourcing,
  title={Crowdsourcing in Software Engineering: Models, Motivations, and Challenges},
  author={LaToza, Thomas D and van der Hoek, Andre},
  journal={Software, IEEE},
  volume={33},
  number={1},
  pages={74--80},
  year={2016},
  publisher={IEEE}
}

@article{doan2011crowdsourcing,
  title={Crowdsourcing systems on the world-wide web},
  author={Doan, Anhai and Ramakrishnan, Raghu and Halevy, Alon Y},
  journal={Communications of the ACM},
  volume={54},
  number={4},
  pages={86--96},
  year={2011},
  publisher={ACM}
}

@article{brabham2008crowdsourcing,
  title={Crowdsourcing as a model for problem solving an introduction and cases},
  author={Brabham, Daren C},
  journal={Convergence: the international journal of research into new media technologies},
  volume={14},
  number={1},
  pages={75--90},
  year={2008},
  publisher={Sage publications}
}


@inproceedings{horton2010labor,
  title={The labor economics of paid crowdsourcing},
  author={Horton, John Joseph and Chilton, Lydia B},
  booktitle={Proceedings of the 11th ACM conference on Electronic commerce},
  pages={209--218},
  year={2010},
  organization={ACM}
}

@inproceedings{latoza2014microtask,
  title={Microtask programming: Building software with a crowd},
  author={LaToza, Thomas D and Towne, W Ben and Adriano, Christian M and Van Der Hoek, Andr{\'e}},
  booktitle={Proceedings of the 27th annual ACM symposium on User interface software and technology},
  pages={43--54},
  year={2014},
  organization={ACM}
}



@book{benkler2011penguin,
  title={The penguin and the leviathan: How cooperation triumphs over self-interest},
  author={Benkler, Yochai},
  year={2011},
  publisher={Crown Business}
}

